<?xml version="1.0" encoding="UTF-8"?><collection xmlns="http://www.loc.gov/MARC21/slim"><record><leader>00763nam--2200193-u-4500</leader><controlfield tag="001">000052609</controlfield><controlfield tag="002">20161230</controlfield><controlfield tag="005">20161230201050</controlfield><controlfield tag="008">100917s1000------------r-----000-0-eng-d</controlfield><datafield ind1=" " ind2=" " tag="040"><subfield code="a">IFIN-HH</subfield></datafield><datafield ind1=" " ind2=" " tag="080"><subfield code="a">536.45</subfield></datafield><datafield ind1=" " ind2=" " tag="110"><subfield code="a">International Symposium on High Temperature Technology</subfield></datafield><datafield ind1="1" ind2="0" tag="245"><subfield code="a">High Temperature Technology</subfield><subfield code="b">Proceedings of an International Symposium on High Temperature Technology, Asilomar, Conference Grounds California, October 6-9, 1959</subfield><subfield code="c">Arranged by Stanford Research Institute, Menlo Park, California</subfield></datafield><datafield ind1=" " ind2=" " tag="260"><subfield code="a">New York</subfield><subfield code="b">McGraw-Hill Book Company, Inc</subfield><subfield code="c">1960</subfield></datafield><datafield ind1=" " ind2=" " tag="300"><subfield code="a">348 p</subfield></datafield><datafield ind1=" " ind2="0" tag="650"><subfield code="a">Materials at high temperature</subfield><subfield code="x">Congresses</subfield></datafield><datafield ind1="2" ind2=" " tag="710"><subfield code="a">Stanford Research Institute</subfield></datafield><datafield ind1=" " ind2=" " tag="852"><subfield code="a">11499</subfield><subfield code="c">533.9</subfield></datafield><datafield ind1=" " ind2=" " tag="CAT"><subfield code="a">Sys</subfield><subfield code="c">20100917</subfield><subfield code="h">102843</subfield></datafield></record></collection>